<record><leader>00000cas a2200000 a 4500</leader><controlfield tag="001">770711427</controlfield><controlfield tag="008">120105d19931993pauwn n      s0    0eng c</controlfield><datafield ind1=" " ind2=" " tag="010"><subfield code="a">  2012264000</subfield></datafield><datafield ind1=" " ind2=" " tag="040"><subfield code="a">UPM</subfield><subfield code="b">eng</subfield><subfield code="c">UPM</subfield><subfield code="d">UPM</subfield><subfield code="d">OCLCF</subfield></datafield><datafield ind1=" " ind2=" " tag="042"><subfield code="a">pcc</subfield></datafield><datafield ind1=" " ind2=" " tag="043"><subfield code="a">n-us-pa</subfield></datafield><datafield ind1="1" ind2="4" tag="050"><subfield code="a">LH1.P45</subfield><subfield code="b">N58</subfield></datafield><datafield ind1="0" ind2="4" tag="245"><subfield code="a">The new Behrend College collegian.</subfield></datafield><datafield ind1="1" ind2=" " tag="246"><subfield code="a">Collegian</subfield></datafield><datafield ind1=" " ind2=" " tag="260"><subfield code="a">Erie, Pa. :</subfield><subfield code="b">Published by the students of the Behrend Campus of the Pennsylvania State University</subfield></datafield><datafield ind1=" " ind2=" " tag="300"><subfield code="a">3 no. :</subfield><subfield code="b">ill.</subfield></datafield><datafield ind1=" " ind2=" " tag="310"><subfield code="a">Weekly (during the academic year)</subfield></datafield><datafield ind1="1" ind2=" " tag="362"><subfield code="a">Began with Vol. 42, no. 1 (Sept. 16, 1993); ceased with v. 42, no. 3 (Sept. 30, 1993).</subfield></datafield><datafield ind1=" " ind2=" " tag="530"><subfield code="a">Issued also online by Penn State University Libraries.</subfield></datafield><datafield ind1=" " ind2=" " tag="588"><subfield code="a">Description based on: Vol. 42, no. 1 (Sept. 16, 1993) (surrogate); title from caption.</subfield></datafield><datafield ind1=" " ind2=" " tag="588"><subfield code="a">Latest issue consulted:  v. 42, no. 3 (Sept. 30, 1993).</subfield></datafield><datafield ind1="2" ind2="0" tag="610"><subfield code="a">Pennsylvania State University at Erie</subfield><subfield code="x">Students</subfield><subfield code="v">Newspapers.</subfield></datafield><datafield ind1=" " ind2="0" tag="650"><subfield code="a">College student newspapers and periodicals</subfield><subfield code="z">Pennsylvania</subfield><subfield code="z">Erie.</subfield></datafield><datafield ind1=" " ind2="0" tag="651"><subfield code="a">Erie (Pa.)</subfield><subfield code="v">Newspapers.</subfield></datafield><datafield ind1=" " ind2="0" tag="651"><subfield code="a">Erie County (Pa.)</subfield><subfield code="v">Newspapers.</subfield></datafield><datafield ind1=" " ind2="7" tag="655"><subfield code="a">Newspapers.</subfield><subfield code="2">fast</subfield><subfield code="0">(OCoLC)fst01423814</subfield></datafield><datafield ind1="2" ind2="7" tag="610"><subfield code="a">Pennsylvania State University at Erie.</subfield><subfield code="2">fast</subfield><subfield code="0">(OCoLC)fst00690803</subfield></datafield><datafield ind1=" " ind2="7" tag="650"><subfield code="a">College student newspapers and periodicals.</subfield><subfield code="2">fast</subfield><subfield code="0">(OCoLC)fst00867966</subfield></datafield><datafield ind1=" " ind2="7" tag="650"><subfield code="a">Students.</subfield><subfield code="2">fast</subfield><subfield code="0">(OCoLC)fst01136041</subfield></datafield><datafield ind1=" " ind2="7" tag="651"><subfield code="a">Pennsylvania</subfield><subfield code="z">Erie.</subfield><subfield code="2">fast</subfield><subfield code="0">(OCoLC)fst01206428</subfield></datafield><datafield ind1=" " ind2="7" tag="651"><subfield code="a">Pennsylvania</subfield><subfield code="z">Erie County.</subfield><subfield code="2">fast</subfield><subfield code="0">(OCoLC)fst01212776</subfield></datafield><datafield ind1="2" ind2=" " tag="710"><subfield code="a">Pennsylvania State University at Erie.</subfield></datafield><datafield ind1=" " ind2=" " tag="752"><subfield code="a">United States</subfield><subfield code="b">Pennsylvania</subfield><subfield code="c">Erie</subfield><subfield code="d">Erie.</subfield></datafield><datafield ind1="0" ind2="0" tag="780"><subfield code="t">Collegian (Erie, Pa.)</subfield><subfield code="x">1071-9288</subfield><subfield code="w">(DLC)sn 93005074</subfield><subfield code="w">(OCoLC)28838722</subfield></datafield><datafield ind1="0" ind2="0" tag="785"><subfield code="t">Behrend College collegian</subfield><subfield code="w">(DLC)  2012264002</subfield><subfield code="w">(OCoLC)770729209</subfield></datafield><datafield ind1="4" ind2="1" tag="856"><subfield code="u">http://digitalnewspapers.libraries.psu.edu/</subfield></datafield></record>